@inproceedings{DBLP:conf/fm/BernardoCHPT19,
  author    = {Bruno Bernardo and
               Rapha{\"{e}}l Cauderlier and
               Zhenlei Hu and
               Basile Pesin and
               Julien Tesson},
  title     = {{Mi-Cho-Coq}, a Framework for Certifying {Tezos} Smart Contracts},
  booktitle = {Formal Methods. {FM} 2019 International Workshops, Revised Selected Papers, Part {I}},
  location  = {Porto, Portugal},
  series    = {Lecture Notes in Computer Science},
  volume    = {12232},
  pages     = {368--379},
  publisher = {Springer},
  year      = {2019},
  url       = {https://doi.org/10.1007/978-3-030-54994-7\_28},
  doi       = {10.1007/978-3-030-54994-7\_28},
  timestamp = {Mon, 17 Aug 2020 17:09:20 +0200},
  biburl    = {https://dblp.org/rec/conf/fm/BernardoCHPT19.bib},
  bibsource = {dblp computer science bibliography, https://dblp.org}
}
@INPROCEEDINGS{tezos-intropaper,  
author={V. {Allombert} and M. {Bourgoin} and J. {Tesson}},  
booktitle={2019 International Conference on High Performance Computing   Simulation (HPCS)},
title={Introduction to the {Tezos} Blockchain},
year={2019},  
volume={},  
number={},  
pages={1-10},  
doi={10.1109/HPCS48598.2019.9188227}
}
@misc{tezos-whitepaper,
author = {L. Goodman},
title = {Tezos-a self-amending crypto-ledger},
year = {2014},
url = {https://www.tezos.com/static/papers/white-paper.pdf},
}
@misc{michelson,
key= {Michelson},
title = {Michelson: the language of Smart Contracts in Tezos},
url = {https://tezos.gitlab.io/alpha/michelson.html},
}
@misc{bitcoin-whitepaper,
author = {Satoshi Nakamoto},
title = {Bitcoin: A Peer-to-Peer Electronic Cash System},
year = {2008},
url = {https://www.tezos.com/static/papers/white-paper.pdf},
}
@misc{eth-whitepaper,
author = {Vitalik Buterin},
title = {A Next-Generation Smart Contract and Decentralized Application Platform},
year = {2013},
url = {https://ethereum.org/en/whitepaper/},
}

@misc{eth-yellowpaper,
  title={Ethereum: A secure decentralised generalised transaction ledger},
  author={Wood, Gavin},
  year={2014},
  publisher={Ethereum Project Yellow Paper}
}

@misc{plasma-whitepaper,
author = {Joseph Poon and Vitalik Buterin},
title = {Plasma: Scalable autonomous smart contracts},
year = {2017},
url = {https://plasma.io/},
}

@misc{optimisticrollups,
  author = {Buterin, Vitalik},
  title = {An Incomplete Guide to Rollups},
  year = {2021},
  url = {https://vitalik.ca/general/2021/01/05/rollup.html},
  note = {Accessed: 2024-10-08}
}
@misc{zkrollups,
  author = {Ben-Sasson, Eli and Chiesa, Alessandro and Garman, Christina and Green, Matthew and Miers, Ian and Tromer, Eran and Virza, Madars},
  title = {zk-Rollups: Transparent, Scalable, and Secure Zero Knowledge Proofs},
  year = {2020},
  note = {Available from StarkWare or related sources},
  url = {https://starkware.co/stark/},
  note = {Accessed: 2024-10-08}
}
@misc{chainlink,
  author = {Chainlink Labs},
  title = {Chainlink: A Decentralized Oracle Network},
  year = {2020},
  url = {https://docs.chain.link},
  note = {Accessed: 2024-10-08}
}
@inproceedings{groth2016snarks,
  author = {Groth, Jens},
  title = {On the Size of Pairing-Based Non-interactive Zero-Knowledge Proofs},
  booktitle = {Advances in Cryptology – EUROCRYPT 2016},
  year = {2016},
  pages = {305--326},
  publisher = {Springer},
  doi = {10.1007/978-3-662-49896-5_11}
}
@Article{call-action-oracle,
AUTHOR = {Caldarelli, Giulio},
TITLE = {Understanding the Blockchain Oracle Problem: A Call for Action},
JOURNAL = {Information},
VOLUME = {11},
YEAR = {2020},
NUMBER = {11},
ARTICLE-NUMBER = {509},
}
@article{oracle-patterns,
   title={Foundational Oracle Patterns: Connecting Blockchain to the Off-Chain World},
   ISBN={9783030587796},
   ISSN={1865-1356},
   journal={Business Process Management: Blockchain and Robotic Process Automation Forum},
   publisher={Springer International Publishing},
   author={Mühlberger, Roman and Bachhofner, Stefan and Castelló Ferrer, Eduardo and Di Ciccio, Claudio and Weber, Ingo and Wöhrer, Maximilian and Zdun, Uwe},
   year={2020},
   pages={35–51}
}
@misc{oracles-study,
      title={A Study of Blockchain Oracles}, 
      author={Abdeljalil Beniiche},
      year={2020},
      eprint={2004.07140},
      archivePrefix={arXiv},
      primaryClass={cs.CR}
}
@inbook{blockchain-oracles,
author = {Mammadzada, Kamran and Iqbal, Mubashar and Milani, Fredrik and García-Bañuelos, Luciano and Matulevičius, Raimundas},
year = {2020},
month = {09},
pages = {19-34},
title = {Blockchain Oracles: A Framework for Blockchain-Based Applications},
publisher = {Springer Verlag}
}
@article{astraea,
  title={Astraea: A Decentralized Blockchain Oracle},
  author={J. Adler and Ryan Berryhill and A. Veneris and Zissis Poulos and Neil Veira and A. Kastania},
  journal={2018 IEEE International Conference on Internet of Things (iThings) and IEEE Green Computing and Communications (GreenCom) and IEEE Cyber, Physical and Social Computing (CPSCom) and IEEE Smart Data (SmartData)},
  year={2018},
  pages={1145-1152}
}
@misc{chainlink-whitepaper,
author = {Steve Ellis and Ari Juels and Sergey Nazarov},
title = {ChainLink: A Decentralized Oracle Network},
year = {2017},
url = {https://link.smartcontract.com/whitepaper},
}
@misc{truthcoin-whitepaper,
author = {Paul Sztorc},
title = {Truthcoin: Peer-to-Peer Oracle System and Prediction Marketplace},
year = {2015},
url = {https://www.truthcoin.info/papers/truthcoin-whitepaper.pdf},
}
@inproceedings{town-crier,
author = {Zhang, Fan and Cecchetti, Ethan and Croman, Kyle and Juels, Ari and Shi, Elaine},
title = {Town Crier: An Authenticated Data Feed for Smart Contracts},
year = {2016},
isbn = {9781450341394},
publisher = {Association for Computing Machinery},
address = {New York, NY, USA},
booktitle = {Proceedings of the 2016 ACM SIGSAC Conference on Computer and Communications Security},
pages = {270–282},
numpages = {13},
location = {Vienna, Austria},
series = {CCS '16}
}
@InProceedings{oracle-real-value,
  author =	{William George and Cl{\'e}ment Lesaege},
  title =	{{A Smart Contract Oracle for Approximating Real-World, Real Number Values}},
  booktitle =	{International Conference on Blockchain Economics, Security and Protocols (Tokenomics 2019)},
  pages =	{6:1--6:15},
  series =	{OpenAccess Series in Informatics (OASIcs)},
  ISBN =	{978-3-95977-108-5},
  ISSN =	{2190-6807},
  year =	{2020},
  volume =	{71},
  editor =	{Vincent Danos and Maurice Herlihy and Maria Potop-Butucaru and Julien Prat and Sara Tucci-Piergiovanni},
  publisher =	{Schloss Dagstuhl--Leibniz-Zentrum fuer Informatik},
  address =	{Dagstuhl, Germany} 
}
@article{trustworthy,
  title={Trustworthy Blockchain Oracles: Review, Comparison, and Open Research Challenges},
  author={Hamda Al-Breiki and M. H. U. Rehman and K. Salah and D. Svetinovic},
  journal={IEEE Access},
  year={2020},
  volume={8},
  pages={85675-85685}
}
@article{reliablity-oracles,
title = {Reliability analysis for blockchain oracles},
journal = {Computers {\&} Electrical Engineering},
volume = {83},
pages = {106582},
year = {2020},
issn = {0045-7906},
author = {Sin Kuang Lo and Xiwei Xu and Mark Staples and Lina Yao}
}
@INPROCEEDINGS{reliable-oracle,
  author={L. {Ma} and K. {Kaneko} and S. {Sharma} and K. {Sakurai}},
  booktitle={2019 Seventh International Symposium on Computing and Networking Workshops (CANDARW)}, 
  title={Reliable Decentralized Oracle with Mechanisms for Verification and Disputation}, 
  year={2019},
  volume={},
  number={},
  pages={346-352},
 }
@misc{interact-coq,
      title={Smart Contract Interactions in Coq}, 
      author={Jakob Botsch Nielsen and Bas Spitters},
      year={2019},
      eprint={1911.04732},
      archivePrefix={arXiv},
      primaryClass={cs.LO}
}
@article{ANTE2021101519,
title = {Smart contracts on the blockchain – A bibliometric analysis and review},
journal = {Telematics and Informatics},
volume = {57},
pages = {101519},
year = {2021},
issn = {0736-5853},
author = {Lennart Ante}
}
@inproceedings{Egberts2017TheOP,
  title={The Oracle Problem - An Analysis of how Blockchain Oracles Undermine the Advantages of Decentralized Ledger Systems},
  author={Alexander Egberts},
  year={2017}
}
@article{smartcontract-interact,
author = {Hu, Yao-Chieh and Lee, Ting‐Ting and Chatzopoulos, Dimitris and Hui, Pan},
year = {2019},
month = {03},
pages = {e5228},
title = {Analyzing smart contract interactions and contract level state consensus},
volume = {32},
journal = {Concurrency and Computation: Practice and Experience},
}
@misc{survey,
      title={A Survey of Smart Contract Formal Specification and Verification}, 
      author={Palina Tolmach and Yi Li and Shang-Wei Lin and Yang Liu and Zengxiang Li},
      year={2020},
      eprint={2008.02712},
      archivePrefix={arXiv},
      primaryClass={cs.SE}
}
@misc{readuncommitted,
      title={Read-Uncommitted Transactions for Smart Contract Performance}, 
      author={Victor Cook and Zachary Painter and Christina Peterson and Damian Dechev},
      year={2019},
      eprint={1905.12351},
      archivePrefix={arXiv},
      primaryClass={cs.DC}
}

@misc{ethereum-rpc,
key = {Ethereum JSON-RPC API},
author = {},
title = {Ethereum JSON-RPC API},
year = {2021},
url = {https://ethereum.org/en/developers/docs/apis/json-rpc/},
}

@misc{Tezos-rpc,
author = {},
title = {Tezos JSON-RPC API},
year = {2021},
url = {https://tezos.gitlab.io/developer/rpc.html},
}

@misc{web3.js,
author = {Fabian Vogelsteller and Marek Kotewicz and Jeffrey Wilcke and Marian Oance},
title = {web3.js - Ethereum JavaScript API},
year = {},
url = {https://web3js.readthedocs.io/en/v1.3.4/},
}
@misc{web3.py,
author = {Fabian Vogelsteller and Marek Kotewicz and Jeffrey Wilcke and Marian Oance},
title = {Python Library for Interacting with Ethereum},
year = {},
url = {https://web3py.readthedocs.io/en/stable/},
}

@INPROCEEDINGS{7546538,
  author={Kosba, Ahmed and Miller, Andrew and Shi, Elaine and Wen, Zikai and Papamanthou, Charalampos},
  booktitle={2016 IEEE Symposium on Security and Privacy (SP)}, 
  title={Hawk: The Blockchain Model of Cryptography and Privacy-Preserving Smart Contracts}, 
  year={2016},
  volume={},
  number={},
  pages={839-858},
  keywords={Contracts;Cryptography;Privacy;Cryptographic protocols;Online banking},
  doi={10.1109/SP.2016.55}}
  
@inproceedings{10.5555/3277203.3277305,
author = {Kalodner, Harry and Goldfeder, Steven and Chen, Xiaoqi and Weinberg, S. Matthew and Felten, Edward W.},
title = {Arbitrum: scalable, private smart contracts},
year = {2018},
isbn = {9781931971461},
publisher = {USENIX Association},
address = {USA},
booktitle = {Proceedings of the 27th USENIX Conference on Security Symposium},
pages = {1353–1370},
numpages = {18},
location = {Baltimore, MD, USA},
series = {SEC'18}
}
@InProceedings{10.1007/978-3-662-44381-1_16,
author="Ben-Sasson, Eli
and Chiesa, Alessandro
and Tromer, Eran
and Virza, Madars",
editor="Garay, Juan A.
and Gennaro, Rosario",
title="Scalable Zero Knowledge via Cycles of Elliptic Curves",
booktitle="Advances in Cryptology -- CRYPTO 2014",
year="2014",
publisher="Springer Berlin Heidelberg",
address="Berlin, Heidelberg",
pages="276--294",
isbn="978-3-662-44381-1"
}

@misc{szabo1997smartcontracts,
  author = {Nick Szabo},
  title = {The Idea of Smart Contracts},
  year = {1997},
  url = {https://nakamotoinstitute.org/the-idea-of-smart-contracts/}
}

@InProceedings{gas-cost,
author="Adler, Felix
and Kitzmann, Dennis
and Jansen, Marc",
editor="Prieto, Javier
and Pinto, Ant{\'o}nio
and Das, Ashok Kumar
and Ferretti, Stefano",
title="Analysis of Costs for Smart Contract Execution",
booktitle="Blockchain and Applications",
year="2020",
publisher="Springer International Publishing",
address="Cham",
pages="153--156",
isbn="978-3-030-52535-4"
}
@misc{michelson,
key= {Michelson},
title = {{Michelson}: The Language of Smart Contracts in {Tezos}},
url = {https://tezos.gitlab.io/alpha/michelson.html},
}
@misc{michelson1,
key= {Michelson1},
title = {{Michelson} Reference},
url = {https://tezos.gitlab.io/michelson-reference/},
}
@misc{solidity,
  author = {{Solidity Team}},
  title = {Solidity Documentation},
  year = {2024},
  url = {https://docs.soliditylang.org},
  note = {Accessed: 2024-10-08}
}
@misc{vyper,
  author = {{Vyper Team}},
  title = {Vyper Documentation},
  year = {2024},
  url = {https://vyper.readthedocs.io},
  note = {Accessed: 2024-10-08}
}
@misc{plutus,
  author = {{IOHK}},
  title = {Plutus: Writing Reliable Smart Contracts},
  year = {2024},
  url = {https://plutus.iohk.io/docs/},
  note = {Accessed: 2024-10-08}
}

@misc{nakamoto2008bitcoin,
  author = {Nakamoto, Satoshi},
  title = {Bitcoin: A Peer-to-Peer Electronic Cash System},
  year = {2008},
  url = {https://bitcoin.org/bitcoin.pdf},
  note = {Accessed: 2024-10-08}
}
@article{dwork1992pow,
  author = {Dwork, Cynthia and Naor, Moni},
  title = {Pricing via Processing or Combatting Junk Mail},
  journal = {Journal of Cryptology},
  volume = {3},
  number = {2},
  pages = {1--19},
  year = {1992},
  publisher = {Springer}
}
@book{ross2014probability,
  author = {Ross, Sheldon M.},
  title = {Introduction to Probability Models},
  edition = {11th},
  year = {2014},
  publisher = {Academic Press},
  address = {Oxford, UK}
}
@book{feller1968probability,
  author = {Feller, William},
  title = {An Introduction to Probability Theory and Its Applications},
  volume = {1},
  edition = {3rd},
  year = {1968},
  publisher = {Wiley},
  address = {New York, USA}
}
@inproceedings{bonneau2015sok,
  author = {Bonneau, Joseph and Miller, Andrew and Clark, Jeremy and Narayanan, Arvind and Kroll, Joshua A. and Felten, Edward W.},
  title = {SoK: Research Perspectives and Challenges for Bitcoin and Cryptocurrencies},
  booktitle = {2015 IEEE Symposium on Security and Privacy},
  pages = {104--121},
  year = {2015},
  organization = {IEEE}
}
@inproceedings{chen2019underoptimized,
  author = {Chen, Ting and Li, Xiaoqi and Luo, Xiapu and Zhang, Xiaosong and Wen, Qiaoyan},
  title = {Under-optimized Smart Contracts Devour Your Money},
  booktitle = {Proceedings of the 24th ACM SIGSAC Conference on Computer and Communications Security},
  pages = {651--665},
  year = {2019},
  organization = {ACM}
}
@inproceedings{victor2019measuring,
  author = {Victor, Fabian and Lüders, Sebastian},
  title = {Measuring Ethereum-based ERC20 Token Networks},
  booktitle = {Proceedings of the International Conference on Financial Cryptography and Data Security (FC)},
  year = {2019},
  publisher = {Springer}
}






