@inproceedings{alharby_blockchain_2017,
	title = {Blockchain {Based} {Smart} {Contracts} : {A} {Systematic} {Mapping} {Study}},
	isbn = {978-1-921987-70-0},
	shorttitle = {Blockchain {Based} {Smart} {Contracts}},
	url = {http://airccj.org/CSCP/vol7/csit77211.pdf},
	doi = {10.5121/csit.2017.71011},
	urldate = {2021-03-22},
	booktitle = {Computer {Science} \& {Information} {Technology} ({CS} \& {IT})},
	publisher = {Academy \& Industry Research Collaboration Center (AIRCC)},
	author = {Alharby, Maher and Moorsel, Aad van},
	month = aug,
	year = {2017},
	pages = {125--140}
}

@article{chen_under-optimized_2020,
	title = {Under-{Optimized} {Smart} {Contracts} {Devour} {Your} {Money}},
	url = {http://arxiv.org/abs/1703.03994},
	language = {en},
	urldate = {2021-03-22},
	journal = {arXiv:1703.03994 [cs]},
	author = {Chen, Ting and Li, Xiaoqi and Luo, Xiapu and Zhang, Xiaosong},
	month = nov,
	year = {2020},
	keywords = {Computer Science - Software Engineering},
	annote = {Comment: In International Conference on Software Analysis, Evolution, and Reengineering (SANER), 2017}
}

@unpublished{thiemann_2020,
	title = {\relax{Exposé Master Thesis - Checking Assertions for Smart Contracts}},
	language = {en},
	author = {Thiemann, Peter},
	institution = {University of Freiburg},
    year = {2020}
}

@article{blustein_bloom_2002,
	title = {Bloom {Filters} — {A} {Tutorial}, {Analysis}, and {Survey}},
	abstract = {Bloom ﬁlters use superimposed hash transforms to provide a probabilistic membership test. The only types of errors are false positives (non-members being reported as members). Non-members are typically detected quickly (requiring only two probes in the optimal case).},
	language = {en},
	author = {Blustein, James and El-Maazawi, Amal},
	pages = {19},
	year= {2002}
}

@article{Xu2016TheBA,
  title={The Blockchain as a Software Connector},
  author={X. Xu and C. Pautasso and Liming Zhu and Vincent Gramoli and A. Ponomarev and An Binh Tran and S. Chen},
  journal={2016 13th Working IEEE/IFIP Conference on Software Architecture (WICSA)},
  year={2016},
  pages={182-191}
}

@article{review_sorting,
author = {Alkharabsheh, Khalid and Alturani, Ibrahim and AlTurani, Abdallah and Zanoon, Dr.Nabeel},
year = {2013},
month = {01},
title = {\relax{Review on Sorting Algorithms A Comparative Study}},
volume = {7},
journal = {International Journal of Computer Science and Security (IJCSS)},
url = {https://www.cscjournals.org/download/issuearchive/IJCSS/Volume7/IJCSS_V7_I3.pdf}
}

@misc{cpp_issorted,
  title = {C++ reference - std::is\_sorted},
  year = {2021},
  howpublished = {\url{https://en.cppreference.com/w/cpp/algorithm/is_sorted}},
  note = {Accessed: 23.03.2021}
}

@article{nph_problems,
 title = {\relax{Review: Computers and Intractability. A Guide to the Theory of NP-Completeness by Michael R. Garey, David S. Johnson}},
 ISSN = {00224812, 19435886},
 URL = {http://www.jstor.org/stable/2273574},
 author = {Harry R. Lewis},
 journal = {The Journal of Symbolic Logic},
 number = {2},
 pages = {498--500},
 publisher = {[Association for Symbolic Logic, Cambridge University Press]},
 reviewed-author = {Michael R. Garey and David S. Johnson},
 volume = {48},
 year = {1983}
}
