@unpublished{bernhardt_veigel_2020,
	title = {\relax{Examples for Interesting Formulas}},
	language = {en},
	author = {Bernhardt, Tamara and Veigel, Julian},
    year = {2021},
    note = {unpublished}
}

@book{hardy2008introduction,
  title={An Introduction to the Theory of Numbers},
  author={Hardy, G.H. and Wright, E.M. and Heath-Brown, R. and Heath-Brown, D.R. and Silverman, J. and Wiles, A.},
  isbn={9780199219865},
  lccn={2008279092},
  series={Oxford mathematics},
  url={https://books.google.de/books?id=rey9wfSaJ9EC},
  year={2008},
  publisher={OUP Oxford}
}

@misc{dict_heap,
	title = {\relax{"heap", in Dictionary of Algorithms and Data Structures [online]}},
	author = {Chris L. Kuszmaul},
	month = {02},
	year = {2019},
	note = {Accessed: 17.03.2021},
	howpublished = {\url{https://xlinux.nist.gov/dads/HTML/heap.html}}
}
@misc{dict_heap_property,
	title = {\relax{"heap property" in Dictionary of Algorithms and Data Structures [online]}},
	author = {Chris L. Kuszmaul},
	month = {12},
	year = {2004},
	note = {Accessed: 17.03.2021},
	howpublished = {\url{https://xlinux.nist.gov/dads/HTML/heapproperty.html}}
}
@misc{dict_binary_heap,
	title = {\relax{"binary heap" in Dictionary of Algorithms and Data Structures [online]}},
	author = {Chris L. Kuszmaul},
	month = {02},
	year = {2019},
	note = {Accessed: 17.03.2021},
	howpublished = {\url{https://xlinux.nist.gov/dads/HTML/binaryheap.html}}
}

%Remove if not needed
@misc{solidity_docs,
	title = {Solidity - 0.8.2 documentation},
	howpublished = {\url{https://docs.soliditylang.org/en/v0.8.2/index.html}},
	year = {2020}
}

@proceedings{Biere2009,
  booktitle = {Handbook of Satisfiability},
  editor = {Biere, Armin and Heule, Marijn and van Maaren, Hans and Walsh, Toby},
  isbn = {978-1-58603-929-5},
  publisher = {IOS Press},
  series = {Frontiers in Artificial Intelligence and Applications},
  title = {Handbook of Satisfiability},
  url = {http://gauss.ececs.uc.edu/Courses/c626/notes/history.pdf},
  year = {2009}
}

@misc{sabablog,
	title = {\relax{Understanding SAT by Implementing a Simple SAT Solver in Python}},
	author = {Saba, Sahand},
    howpublished = {\url{https://sahandsaba.com/understanding-sat-by-implementing-a-simple-sat-solver-in-python.html}},
    year = {2014},
    note = {Accessed: 18.12.2020}
}

@misc{cnf_math_encycl,
	title = {\relax{Encyclopedia of Mathematics - Conjunctive normal form}},
	howpublished = {\url{http://encyclopediaofmath.org/index.php?title=Conjunctive_normal_form&oldid=35078}},
	note = {Accessed: 19.03.2021}
}

@misc{dnf_math_encycl,
	title = {\relax{Encyclopedia of Mathematics - Disjunctive normal form}},
	howpublished = {\url{http://encyclopediaofmath.org/index.php?title=Disjunctive_normal_form&oldid=35083}},
	note = {Accessed: 19.03.2021}
}