@misc{Sundstrom2020Quantifiers,
	publisher={Grand Valley State University},
	title={{Quantifiers and Negations}},
	url={https://chem.libretexts.org/@go/page/7044},
	author={Sundstrom, Ted},
	note={accessed 20.03.2021},
	date={2020-12-21},
	year={2020},
	month={12},
	day={21}
}

@article{croucher_collecting_2006,
	title = {Collecting coupons â€” {A} mathematical approach},
	language = {en},
	journal = {Australian Senior Mathematics Journal},
	author = {Croucher, John S},
	month = jan,
	year = {2006},
	url = {https://files.eric.ed.gov/fulltext/EJ744035.pdf}
}

@article{xu_tang_2011,
	title={A Generalized Coupon Collector Problem},
	volume={48}, DOI={10.1239/jap/1324046020},
	number={4},
	journal={Journal of Applied Probability},
	publisher={Cambridge University Press},
	author={Xu, Weiyu and Tang, A. Kevin},
	year={2011},
	pages={3}
}