@article{croucher_collecting_2006,
	title = {Collecting coupons â€” {A} mathematical approach},
	language = {en},
	journal = {Australian Senior Mathematics Journal},
	author = {Croucher, John S},
	month = jan,
	year = {2006},
	url = {https://files.eric.ed.gov/fulltext/EJ744035.pdf}
}

@article{xu_tang_2011,
	title={A Generalized Coupon Collector Problem},
	volume={48}, DOI={10.1239/jap/1324046020},
	number={4},
	journal={Journal of Applied Probability},
	publisher={Cambridge University Press},
	author={Xu, Weiyu and Tang, A. Kevin},
	year={2011},
	pages={3}
}

@book{mahl_schindel_2007,
	author = {Mahlmann, Peter and Schindelhauer, Christian},
	title = {\relax{Peer-to-Peer-Netzwerke: Algorithmen und Methoden}},
	publisher = {Springer-Verlag Berlin},
	edition = {1},
	month = {jun},
	year = {2007},
	isbn = {I3540339914},
	pages = {67-69}
}

@misc{de_morgan,
	title = {\relax{de Morgan's Laws}},
	author = {Weisstein, Eric W.},
	howpublished = {MathWorld - A Wolfram Web Source},
	url = {https://mathworld.wolfram.com/deMorgansLaws.html},
	note = {Accessed: 24.03.2021}
}

@book{papoulis02,
  address = {Boston},
  author = {Papoulis, Athanasios and Pillai, S. Unnikrishna},
  edition = 4,
  publisher = {McGraw Hill},
  title = {\relax{Probability, Random Variables, and Stochastic Processes}},
  year = 2002
}