@inproceedings{DBLP:conf/ccs/BartolettiZ18,
  author    = {Massimo Bartoletti and
               Roberto Zunino},
  editor    = {David Lie and
               Mohammad Mannan and
               Michael Backes and
               XiaoFeng Wang},
  title     = {{BitML}: {A} Calculus for Bitcoin Smart Contracts},
  booktitle = {Proceedings of the 2018 {ACM} {SIGSAC} Conference on Computer and
               Communications Security, {CCS} 2018, Toronto, ON, Canada, October
               15-19, 2018},
  pages     = {83--100},
  publisher = {{ACM}},
  year      = 2018,
  url       = {https://doi.org/10.1145/3243734.3243795},
  doi       = {10.1145/3243734.3243795},
  timestamp = {Wed, 21 Nov 2018 12:44:06 +0100},
  biburl    = {https://dblp.org/rec/conf/ccs/BartolettiZ18.bib},
  bibsource = {dblp computer science bibliography, https://dblp.org}
}

@inproceedings{DBLP:conf/fc/ChakravartyCMMPW20,
  author    = {Manuel Chakravarty and James Chapman and Kenneth MacKenzie and Orestis Melkonian and Michael {Peyton Jones} and Philip Wadler},
  title     = {The Extended {UTXO} Model},
  booktitle = {Financial Cryptography and Data Security - {FC} 2020 International
               Workshops, WTSC, Kota Kinabalu, Sabah, Malaysia, February
               10-14, 2020},
  XXXseries    = {Lecture Notes in Computer Science},
  XXXvolume    = 11599,
  XXXpages     = {122--137},
  XXXpublisher = {Springer},
  year      = 2020,
  url       = {http://fc20.ifca.ai/wtsc/WTSC2020/WTSC20_paper_25.pdf},
}

@inproceedings{DBLP:conf/ccs/LuuCOSH16,
  author    = {Loi Luu and
               Duc{-}Hiep Chu and
               Hrishi Olickel and
               Prateek Saxena and
               Aquinas Hobor},
  editor    = {Edgar R. Weippl and
               Stefan Katzenbeisser and
               Christopher Kruegel and
               Andrew C. Myers and
               Shai Halevi},
  title     = {Making Smart Contracts Smarter},
  booktitle = {Proceedings of the 2016 {ACM} {SIGSAC} Conference on Computer and
               Communications Security, Vienna, Austria, October 24-28, 2016},
  pages     = {254--269},
  publisher = {{ACM}},
  year      = {2016},
  url       = {https://doi.org/10.1145/2976749.2978309},
  doi       = {10.1145/2976749.2978309},
  timestamp = {Tue, 06 Nov 2018 11:07:30 +0100},
  biburl    = {https://dblp.org/rec/conf/ccs/LuuCOSH16.bib},
  bibsource = {dblp computer science bibliography, https://dblp.org}
}

@inproceedings{DBLP:conf/fc/ThiemannAplas21,
  author    = {Doan T.T.H. and Thiemann P.},
  title     = {A Typed Programmatic Interface to Contracts on the Blockchain},
  booktitle = {Programming Languages and Systems, APLAS},
  XXXseries    = {Lecture Notes in Computer Science},
  XXXvolume    = 13008,
  XXXpublisher = {Springer, Cham},
  year      = 2021,
}

@inproceedings{DBLP:conf/fc/ThiemannFmbc21,
  author    = {Doan T.T.H. and Thiemann P.},
  title     = {Towards Contract Modules for the Tezos Blockchain},
  booktitle = {In 3rd
International Workshop on Formal Methods for Blockchains (FMBC)},
  year      = 2021,
}

@article{DBLP:journals/pacmpl/ThiemannV20,
  author    = {Peter Thiemann and
               Vasco T. Vasconcelos},
  title     = {Label-Dependent Session Types},
  journal   = {Proc. {ACM} Program. Lang.},
  volume    = {4},
  number    = {{POPL}},
  pages     = {67:1--67:29},
  year      = {2020},
  url       = {https://doi.org/10.1145/3371135},
  doi       = {10.1145/3371135},
  timestamp = {Thu, 16 Apr 2020 13:51:47 +0200},
  biburl    = {https://dblp.org/rec/journals/pacmpl/ThiemannV20.bib},
  bibsource = {dblp computer science bibliography, https://dblp.org}
}

@article{DBLP:journals/pacmpl/RadanneST20,
  author    = {Gabriel Radanne and Hannes Saffrich and Peter Thiemann},
  title     = {Kindly Bent to Free Us},
  journal   = {Proc. {ACM} Program. Lang.},
  volume    = {4},
  number    = {{ICFP}},
  xxxpages     = {67:1--67:29},
  year      = {2020},
  xxxurl       = {https://doi.org/10.1145/3371135},
  xxxdoi       = {10.1145/3371135},
}

@misc{tezos-api,
author = {Doan, T.T.H.},
title = {Tezos-Ocaml-API},
year = {2021},
url = {https://github.com/doanha86/Tezos-Ocaml-API},
}

@misc{tezos-api-update,
author = {Julian Mundhahs},
title = {Tezos-Ocaml-API},
year = {2021},
url = {https://github.com/Tezos-Project-Uni-Freiburg/tezos-api},
}

@misc{tezos-api-devenv,
author = {Julian Mundhahs},
title = {Tezos-Ocaml-API},
year = {2021},
url = {https://github.com/Tezos-Project-Uni-Freiburg/tezos-api-devenv},
}


@misc{michelson-interpreter,
author = {Hassan Berkay Cagir},
title = {Michelson-Interpreter},
year = {2021},
url = {https://github.com/Tezos-Project-Uni-Freiburg/michelson-interpreter},
}



@Unpublished{expose,
author = {Peter Thiemann},
title = {Checking Assertions for Smart Contracts},
note = {Unpublished expose},
key = {•},
month = {June},
year = 2020,
annote = {•}
}
