@inproceedings{DBLP:conf/ccs/BartolettiZ18,
  author    = {Massimo Bartoletti and
               Roberto Zunino},
  xxxeditor    = {David Lie and
               Mohammad Mannan and
               Michael Backes and
               XiaoFeng Wang},
  title     = {{BitML}: {A} Calculus for Bitcoin Smart Contracts},
  booktitle = {Proceedings of the 2018 {ACM} {SIGSAC} Conference on Computer and
               Communications Security, {CCS} 2018, Toronto, ON, Canada, October
               15-19, 2018},
  pages     = {83--100},
  publisher = {{ACM}},
  year      = 2018,
  url       = {https://doi.org/10.1145/3243734.3243795},
  doi       = {10.1145/3243734.3243795},
  timestamp = {Wed, 21 Nov 2018 12:44:06 +0100},
  biburl    = {https://dblp.org/rec/conf/ccs/BartolettiZ18.bib},
  bibsource = {dblp computer science bibliography, https://dblp.org}
}

@inproceedings{DBLP:conf/fc/ChakravartyCMMPW20,
  author    = {Manuel Chakravarty and James Chapman and Kenneth MacKenzie and Orestis Melkonian and Michael {Peyton Jones} and Philip Wadler},
  title     = {The Extended {UTXO} Model},
  booktitle = {Financial Cryptography and Data Security - {FC} 2020 International
               Workshops, WTSC, Kota Kinabalu, Sabah, Malaysia, February
               10-14, 2020},
  XXXseries    = {Lecture Notes in Computer Science},
  XXXvolume    = 11599,
  XXXpages     = {122--137},
  XXXpublisher = {Springer},
  year      = 2020,
  url       = {http://fc20.ifca.ai/wtsc/WTSC2020/WTSC20_paper_25.pdf},
}

@inproceedings{DBLP:conf/ccs/LuuCOSH16,
  author    = {Loi Luu and
               Duc{-}Hiep Chu and
               Hrishi Olickel and
               Prateek Saxena and
               Aquinas Hobor},
  xxxeditor    = {Edgar R. Weippl and
               Stefan Katzenbeisser and
               Christopher Kruegel and
               Andrew C. Myers and
               Shai Halevi},
  title     = {Making Smart Contracts Smarter},
  booktitle = {Proceedings of the 2016 {ACM} {SIGSAC} Conference on Computer and
               Communications Security, Vienna, Austria, October 24-28, 2016},
  pages     = {254--269},
  publisher = {{ACM}},
  year      = {2016},
  url       = {https://doi.org/10.1145/2976749.2978309},
  doi       = {10.1145/2976749.2978309},
  timestamp = {Tue, 06 Nov 2018 11:07:30 +0100},
  biburl    = {https://dblp.org/rec/conf/ccs/LuuCOSH16.bib},
  bibsource = {dblp computer science bibliography, https://dblp.org}
}

@inproceedings{DBLP:conf/aplas/DoanT21,
  author    = {Thi Thu Ha Doan and
               Peter Thiemann},
  xxxeditor    = {Hakjoo Oh},
  title     = {A Typed Programmatic Interface to Contracts on the Blockchain},
  booktitle = {Programming Languages and Systems - 19th Asian Symposium, {APLAS}
               2021, Chicago, IL, USA},
  series    = {LNCS},
  volume    = {13008},
  pages     = {222--240},
  publisher = {Springer},
  year      = {2021},
  url       = {https://doi.org/10.1007/978-3-030-89051-3\_13},
  doi       = {10.1007/978-3-030-89051-3_13},
  timestamp = {Sat, 25 Dec 2021 15:52:31 +0100},
  biburl    = {https://dblp.org/rec/conf/aplas/DoanT21.bib},
  bibsource = {dblp computer science bibliography, https://dblp.org}
}

@inproceedings{DBLP:conf/cav/Doan021,
  author    = {Thi Thu Ha Doan and
               Peter Thiemann},
  xxxeditor    = {Bruno Bernardo and
               Diego Marmsoler},
  title     = {Towards Contract Modules for the {Tezos} Blockchain (Short Paper)},
  booktitle = {3rd International Workshop on Formal Methods for Blockchains, FMBC@CAV
               2021, July 18-19, 2021, Los Angeles, California, {USA} (Virtual Conference)},
  series    = {OASIcs},
  volume    = {95},
  pages     = {5:1--5:9},
  publisher = {Schloss Dagstuhl - Leibniz-Zentrum f{\"{u}}r Informatik},
  year      = {2021},
  url       = {https://doi.org/10.4230/OASIcs.FMBC.2021.5},
  doi       = {10.4230/OASIcs.FMBC.2021.5},
  timestamp = {Tue, 30 Nov 2021 17:09:35 +0100},
  biburl    = {https://dblp.org/rec/conf/cav/Doan021.bib},
  bibsource = {dblp computer science bibliography, https://dblp.org}
}

@article{DBLP:journals/pacmpl/ThiemannV20,
  author    = {Peter Thiemann and
               Vasco T. Vasconcelos},
  title     = {Label-Dependent Session Types},
  journal   = {Proc. {ACM} Program. Lang.},
  volume    = {4},
  number    = {{POPL}},
  pages     = {67:1--67:29},
  year      = {2020},
  url       = {https://doi.org/10.1145/3371135},
  doi       = {10.1145/3371135},
  timestamp = {Thu, 16 Apr 2020 13:51:47 +0200},
  biburl    = {https://dblp.org/rec/journals/pacmpl/ThiemannV20.bib},
  bibsource = {dblp computer science bibliography, https://dblp.org}
}

@article{DBLP:journals/pacmpl/RadanneST20,
  author    = {Gabriel Radanne and Hannes Saffrich and Peter Thiemann},
  title     = {Kindly Bent to Free Us},
  journal   = {Proc. {ACM} Program. Lang.},
  volume    = {4},
  number    = {{ICFP}},
  xxxpages     = {67:1--67:29},
  year      = {2020},
  xxxurl       = {https://doi.org/10.1145/3371135},
  xxxdoi       = {10.1145/3371135},
}

@misc{tezos-api,
author = {Doan, T.T.H.},
title = {Tezos-Ocaml-API},
year = {2021},
url = {https://github.com/doanha86/Tezos-Ocaml-API},
}

@misc{tezos-api-update,
author = {Julian Mundhahs},
title = {Tezos-Ocaml-API},
year = {2021},
url = {https://github.com/Tezos-Project-Uni-Freiburg/tezos-api},
}

@misc{tezos-api-devenv,
author = {Julian Mundhahs},
title = {Tezos-Ocaml-API},
year = {2021},
url = {https://github.com/Tezos-Project-Uni-Freiburg/tezos-api-devenv},
}


@misc{michelson-interpreter,
author = {Hassan Berkay Cagir},
title = {Michelson-Interpreter},
year = {2021},
url = {https://github.com/Tezos-Project-Uni-Freiburg/michelson-interpreter},
}



@Unpublished{expose,
author = {Peter Thiemann},
title = {Checking Assertions for Smart Contracts},
note = {Unpublished expose},
key = {•},
month = {June},
year = 2020,
annote = {•}
}

@misc{tezos-report,
author = {Peter Thiemann and T.T.H.Doan},
title = {Tezos-Report},
year = {2022},
url = {https://github.com/proglang/tezos-project/tree/master/reports/2022-09-06},
}
@inproceedings{DBLP:conf/isola/BernardoCCJPT20,
  author    = {Bruno Bernardo and
               Rapha{\"{e}}l Cauderlier and
               Guillaume Claret and
               Arvid Jakobsson and
               Basile Pesin and
               Julien Tesson},
  xxxeditor    = {Tiziana Margaria and
               Bernhard Steffen},
  title     = {Making {Tezos} Smart Contracts More Reliable with {Coq}},
  booktitle = {9th International Symposium on Leveraging Applications
               of Formal Methods, ISoLA 2020},
  addres    = {Rhodes, Greece},
  series    = {LNCS},
  volume    = {12478},
  pages     = {60--72},
  publisher = {Springer},
  year      = {2020},
  url       = {https://doi.org/10.1007/978-3-030-61467-6\_5},
  doi       = {10.1007/978-3-030-61467-6_5},
  timestamp = {Wed, 28 Oct 2020 12:00:09 +0100},
  biburl    = {https://dblp.org/rec/conf/isola/BernardoCCJPT20.bib},
  bibsource = {dblp computer science bibliography, https://dblp.org}
}
@inproceedings{DBLP:conf/tacas/MouraB08,
  author    = {Leonardo Mendon{\c{c}}a de Moura and
               Nikolaj S. Bj{\o}rner},
  xxxeditor    = {C. R. Ramakrishnan and
               Jakob Rehof},
  title     = {{Z3:} An Efficient {SMT} Solver},
  booktitle = {Tools and Algorithms for the Construction and Analysis of Systems,
               14th International Conference, {TACAS} 2008},
  addres    = {Budapest, Hungary},
  series    = {LNCS},
  volume    = {4963},
  pages     = {337--340},
  publisher = {Springer},
  year      = {2008},
  url       = {https://doi.org/10.1007/978-3-540-78800-3\_24},
  doi       = {10.1007/978-3-540-78800-3_24},
  timestamp = {Thu, 14 Apr 2022 20:26:15 +0200},
  biburl    = {https://dblp.org/rec/conf/tacas/MouraB08.bib},
  bibsource = {dblp computer science bibliography, https://dblp.org}
}
