@article{DBLP:journals/cacm/Knuth74,
  author    = {Donald E. Knuth},
  title     = {{Computer Programming as an Art}},
  journal   = {Commun. {ACM}},
  volume    = {17},
  number    = {12},
  pages     = {667--673},
  year      = {1974},
  doi       = {10.1145/361604.361612},
  timestamp = {Tue, 07 Jun 2011 16:50:57 +0200},
  biburl    = {http://dblp.uni-trier.de/rec/bib/journals/cacm/Knuth74},
  bibsource = {dblp computer science bibliography, http://dblp.org}
}

@article{DBLP:journals/cacm/Dijkstra68a,
  author    = {Edsger W. Dijkstra},
  title     = {Letters to the editor: go to statement considered harmful},
  journal   = {Commun. {ACM}},
  volume    = {11},
  number    = {3},
  pages     = {147--148},
  year      = {1968},
  doi       = {10.1145/362929.362947},
  timestamp = {Thu, 09 Feb 2006 13:19:49 +0100},
  biburl    = {http://dblp.uni-trier.de/rec/bib/journals/cacm/Dijkstra68a},
  bibsource = {dblp computer science bibliography, http://dblp.org}
}

@book{DBLP:books/mk/GrayR93,
  author    = {Jim Gray and
               Andreas Reuter},
  title     = {Transaction Processing: Concepts and Techniques},
  publisher = {Morgan Kaufmann},
  year      = {1993},
  isbn      = {1-55860-190-2},
  timestamp = {Thu, 05 Nov 2015 19:53:28 +0100},
  biburl    = {http://dblp.uni-trier.de/rec/bib/books/mk/GrayR93},
  bibsource = {dblp computer science bibliography, http://dblp.org}
}



@inproceedings{DBLP:conf/focs/HopcroftPV75,
  author    = {{John E.} Hopcroft and
               {Wolfgang J.} Paul and
               {Leslie G.} Valiant},
  title     = {On Time versus Space and Related Problems},
  booktitle = {16th Annual Symposium on Foundations of Computer Science, Berkeley,
               California, USA, October 13-15, 1975},
  pages     = {57--64},
  year      = {1975},
  crossref  = {DBLP:conf/focs/FOCS16},
  doi       = {10.1109/SFCS.1975.23},
  timestamp = {Tue, 16 Dec 2014 09:57:24 +0100},
  biburl    = {http://dblp.uni-trier.de/rec/bib/conf/focs/HopcroftPV75},
  bibsource = {dblp computer science bibliography, http://dblp.org}
}

@proceedings{DBLP:conf/focs/FOCS16,
  title     = {16th Annual Symposium on Foundations of Computer Science, Berkeley,
               California, USA, October 13-15, 1975},
  publisher = {{IEEE} Computer Society},
  year      = {1975},
  timestamp = {Mon, 15 Dec 2014 18:48:44 +0100},
  biburl    = {http://dblp.uni-trier.de/rec/bib/conf/focs/FOCS16},
  bibsource = {dblp computer science bibliography, http://dblp.org}
}

@misc{nishida2021helmholtz,
      title={HELMHOLTZ: A Verifier for Tezos Smart Contracts Based on Refinement Types}, 
      author={Yuki Nishida and Hiromasa Saito and Ran Chen and Akira Kawata and Jun Furuse and Kohei Suenaga and Atsushi Igarashi},
      year={2021},
      eprint={2108.12971},
      archivePrefix={arXiv},
      primaryClass={cs.PL}
}

@inbook{inbook,
author = {Nguyen, Tai and Pham, Hong Long and Sun, Jun and Le, Quang Loc},
year = {2023},
month = {11},
pages = {11-28},
title = {An Idealistâ€™s Approach for Smart Contract Correctness},
isbn = {978-981-99-7583-9},
doi = {10.1007/978-981-99-7584-6_2}
}

@misc{michelson,
key= {Michelson},
title = {{Michelson}: The Language of Smart Contracts in {Tezos}},
url = {https://tezos.gitlab.io/alpha/michelson.html},
}

@misc{dao,
key= {dao},
title = {Understanding The DAO Attack},
url = {https://www.coindesk.com/learn/understanding-the-dao-attack/},
}

@misc{wallethack,
key= {wallethack},
title = {The Parity Wallet Hack Explained},
url = {https://blog.openzeppelin.com/on-the-parity-wallet-multisig-hack-405a8c12e8f7},
}

@InProceedings{z3,
author="de Moura, Leonardo
and Bj{\o}rner, Nikolaj",
editor="Ramakrishnan, C. R.
and Rehof, Jakob",
title="Z3: An Efficient SMT Solver",
booktitle="Tools and Algorithms for the Construction and Analysis of Systems",
year="2008",
publisher="Springer Berlin Heidelberg",
address="Berlin, Heidelberg",
pages="337--340",
isbn="978-3-540-78800-3"
}

